@article{Zhang2007,
  title={A directional asymmetry in Chinese tone sandhi systems},
  author={Zhang, Jie},
  journal={Journal of East Asian Linguistics},
  volume={16},
  number={4},
  pages={259--302},
  year={2007},
  publisher={Springer}
}

@article{Fu1984,
  title={Wuyi fangyan de liandu biandiao [Tone sandhi in the Wuyi dialect]},
  author={Fu, Guotong},
  journal={Fangyan},
  volume={1984},
  number={2},
  pages={109--127},
  year={1984}
}

@inproceedings{Chen2008,
  title={Revisiting the phonetics and phonology of {S}hanghai tone sandhi},
  author={Chen, Yiya},
  booktitle={Proceedings of the Fourth Conference on Speech Prosody},
  pages={253--256},
  year={2008}
}

@article{He1984,
  title={Luoyang fangyan jilue [{N}otes on the {L}uoyang dialect]},
  author={He, Wei},
  journal={Fangyan},
  volume={1984},
  number={4},
  pages={278--299},
  year={1984}
}

@article{Zhang1985,
  title={Zhenjiang fangyan de liandu biandiao [{T}one sandhi in the {Z}henjiang dialect]},
  author={Zhang, Hongnian},
  journal={Fangyan},
  volume={1985},
  number={3},
  pages={191--204},
  year={1985}
}

@article{Chandleeetal2014,
  title={Learning strictly local subsequential functions},
  author={Chandlee, Jane and Eyraud, Remi and Heinz, Jeffrey},
  journal={Transactions of the Association for Computational Linguistics},
  volume={2},
  pages={491--503},
  year={2014}
}

@phdthesis{Chandlee2014,
  title={Strictly local phonological processes},
  author={Chandlee, Jane},
  year={2014},
  school={University of Delaware}
}

@unpublished{ChandJard,
  title={Autosegmental ISL functions},
  author={Chandlee, Jane and Jardine, Adam},
  note={manuscript},
  year={2018}
}

@book{Enderton2001,
  title={A mathematical introduction to logic},
  author={Enderton, Herbert and Enderton, Herbert B},
  year={2001},
  publisher={Elsevier}
}

@incollection{ChandLindta,
  title={A logical characterization of strictly local functions},
  author={Chandlee, Jane and Lindell, Steven},
  editor={Heinz, Jeffrey},
  booktitle={Doing Computational Phonology},
  publisher={OUP},
  year={(to appear)}
}

@incollection{Duanmu1991,
  title={Stress and syntax-phonology mismatches: tonal domains in {D}anyang and {S}hanghai},
  author={Duanmu, San},
  editor={Bates, D.},
  booktitle={Proceedings of the Tenth West Coast Conference on Formal Linguistics},
  publisher={Stanford Linguistic Association},
  pages={127--137},
  year={1991}
}

@incollection{SelkirkShen1990,
  title={Prosodic domains in {S}hanghai {C}hinese},
  author={Selkirk, Elizabeth and Shen, Tong},
  editor={Inkelas, Sharon and Zec, Draga},
  booktitle={The Phonology-Syntax Connection},
  publisher={UCP},
  pages={313--338},
  year={1990}
}

@article{Fagin1995,
  title={On monadic NP vs monadic co-NP},
  author={Fagin, Ronald and Stockmeyer, Larry J and Vardi, Moshe Y},
  journal={Information and Computation},
  volume={120},
  number={1},
  pages={78--92},
  year={1995},
}

@book{Shoenfield2010,
  title={Mathematical logic},
  author={Shoenfield, Joseph R},
  year={2010},
  publisher={AK Peters/CRC Press}
}

@article{Odden2001,
  title={Tone shift and spread in Taita i},
  author={Odden, David},
  journal={Studies in African Linguistics},
  volume={30},
  number={1},
  pages={75--110},
  year={2001}
}

@article{Courcelle1994,
  title={Monadic second-order definable graph transductions: a survey},
  author={Courcelle, Bruno},
  journal={Theoretical Computer Science},
  volume={126},
  pages={53--75},
  year={1994}
}

@article{EngHoo2001,
  title={MSO definable string transductions and two-way finite transducers},
  author={Engelfriet, Joost and Hoogeboom, Henrik Jan},
  journal={ACM Transactions on Computational Logic},
  volume={2},
  pages={216--254},
  year={2001}
}

@book{Goldsmith1976,
  title={Autosegmental phonology},
  author={Goldsmith, John A},
  volume={159},
  year={1976},
  publisher={Indiana University Linguistics Club Bloomington}
}

@book{Hayes2013,
  title={Linguistics: An introduction to linguistic theory},
  author={Hayes, Bruce and Curtiss, Susan and Szabolcsi, Anna and Stowell, Tim and Stabler, Edward and Sportiche, Dominique and Koopman, Hilda and Keating, Patricia and Munro, Pamela and Hyams, Nina and others},
  year={2013},
  publisher={John Wiley \& Sons}
}

@book{Chomsky1972,
  title={Studies on semantics in generative grammar},
  author={Chomsky, Noam},
  volume={107},
  year={1972},
  publisher={Walter de Gruyter}
}

@article{Zhang1983,
  title={Zhangping ({Y}ongfu) fangyan de liandu biandiao [{T}one sandhi in the {Z}hangping dialect]},
  author={Zhang, Zhenxing},
  journal={Fangyan},
  volume={1983},
  number={3},
  pages={175--196},
  year={1983}
}

@article{Xie1992,
  title={Jiangxisheng Yudu fangyan de liangzizu liandu biandiao [Disyllabic tone sandhi in the Yudu dialect of Jiangxi province]},
  author={Xie, L. W.},
  journal={Fangyan},
  volume={1992},
  number={3},
  pages={222--227},
  year={1992}
}

@article{Yan1981,
  title={Gaoan ({L}aowu {Z}houjia) fangyan de yuyin xitong [{T}he phonetic system of {G}ao'an ({L}aowu {Z}houjia]},
  author={Yan, Sen},
  journal={Fangyan},
  volume={1981},
  number={2},
  pages={104--121},
  year={1981}
}

@article{Xuetal1981,
  title={Xinpai Shanghai fangyan de liandu biandiao [Tone sandhi in the New Shanghai dialect]},
  author={Xu, B.H. and Tang Z.Z. and Qian, N.R.},
  journal={Fangyan},
  volume={1981},
  number={2},
  pages={145--155},
  year={1981}
}

@article{Maandli2014,
  title={Nanjing fangyan sanzizu liandu biandiao de shiyan diaocha yu fenxi [An experimental study of trisyllabic tone sandhi in the Nanjing dialect]},
  author={Ma, Qiuwu and Li, Xin},
  journal={Tongji Daxue Xuebao},
  volume={25},
  number={4},
  pages={100--107},
  year={2014}
}

@article{Yan2016,
  title={Chengduhua liandu biandiao de youxuanlun fenxi [An OT analysis of tone sandhi in the Chengdu dialect},
  author={Yan, Xiaobin},
  journal={Anhui Ligong Daxue Xuebao},
  volume={18},
  number={1},
  pages={59--66},
  year={2014}
}

@article{Yan2016,
  title={Chengduhua liandu biandiao de youxuanlun fenxi [An OT analysis of tone sandhi in the Chengdu dialect},
  author={Yan, Xiaobin},
  journal={Anhui Ligong Daxue Xuebao},
  volume={18},
  number={1},
  pages={59--66},
  year={2014}
}

@article{ZeeMaddieson1980,
  title={Tones and tone sandhi in {S}handhai: phonetic evidence and phonological analysis},
  author={Zee, Eric and Maddieson, Ian},
  journal={Glossa},
  volume={14},
  pages={45--88},
  year={1980}
}

@book{Chen2000,
  title={Tone sandhi: Patterns across Chinese dialects},
  author={Chen, Matthew Y},
  volume={92},
  year={2000},
  publisher={Cambridge University Press}
}

@article{Rose1990,
  title={Acoustics and phonology of complex tone sandhi},
  author={Rose, Phil},
  journal={Phonetica},
  volume={47},
  number={1-2},
  pages={1--35},
  year={1990}
}

@phdthesis{Bao1990,
  title={On the nature of tone},
  author={Bao, Zhiming},
  year={1990},
  school={Massachusetts Institute of Technology}
}

@phdthesis{Yip1980,
  title={The tonal phonology of {C}hinese},
  author={Yip, Moira},
  year={1980},
  school={Massachusetts Institute of Technology}
}

@article{Yip1989,
  title={Contour tones},
  author={Yip, Moira},
  journal={Phonology},
  volume={6},
  pages={149--174},
  year={1989}
}

@article{Clements1985,
  title={The geometry of phonological features},
  author={Clements, G. N.},
  journal={Phonology},
  volume={2},
  pages={225--252},
  year={1985}
}

@book{Pulleyblank1986,
  title={Tone in lexical phonology},
  author={Pulleyblank, Douglas},
  volume={4},
  year={1986},
  publisher={Springer Science \& Business Media}
}

@phdthesis{Sagey1986,
  title={The representation of features and relations in non-linear phonology},
  author={Sagey, E. C.},
  year={1986},
  school={Massachusetts Institute of Technology}
}

@phdthesis{Sherard1972,
  title={Shanghai phonology},
  author={Sherard, M.},
  year={1972},
  school={Cornell University}
}

@article{Wuandliu2010,
  title={Shandong Rizhao fangyan zhong de liandu biandiao [Tone sandhi in the Rizhao dialect of Shandong]},
  author={Wu, Xiuling and Liu, Dongbing},
  journal={Xiandai Yuwen},
  volume={2010},
  number={1},
  pages={106--107},
  year={1981}
}

@article{Kong2008,
  title={Hefei fangyan shengdiao de youxuanlun fenxi [An OT analysis of tones in the Hefei dialect]},
  author={Kong, Huifang},
  journal={Hefei Xueyuan Xuebao},
  volume={25},
  number={2},
  pages={30--32},
  year={2008}
}

@article{Zhang1984,
  title={Yinchuan fangyan de shengdiao [Tones in the Yinchuan dialect]},
  author={Zhang, Shengyu},
  journal={Fangyan},
  volume={1984},
  number={1},
  pages={19--26},
  year={1984}
}

@article{Hou1980,
  title={Pingyao fangyan de liandu biandiao [Tone sandhi in the Yinchuan dialect]},
  author={Hou, Jingyi},
  journal={Fangyan},
  volume={1980},
  number={1},
  pages={1--14},
  year={1980}
}

@article{Liandliu2006,
  title={Changsha fangyan danzidiao ji biandiao de shiyan yuyinxue baogao[An acoustic study of citation tones and tone sandhi in Changsha Chinese]},
  author={Li, Bing and Liu, Yanni},
  journal={Hunan Daxue Xuebao (Shehui kexue ban},
  volume={4},
  pages={19},
  year={2006}
}

@article{Lv1980,
  title={Danyang fangyan de shengdiao xitong [Tone system of the Danyang dialect]},
  author={LÃ¼, Shuxiang},
  journal={Fangyan},
  volume={1980},
  number={2},
  pages={85--122},
  year={1980}
}

@article{Chan1985,
  title={Ningbo fangyan de biandiao xianxiang [Tone sandhi phenomenon in Ningponese]},
  author={Chan, Ning-Ping},
  journal={Fangyan},
  volume={1985},
  number={1},
  pages={15--27},
  year={1985}
}